@Manual{blocktools,
  title = {blockTools: Blocking, Assignment, and Diagnosing Interference in Randomized Experiments},
  author = {Ryan T. Moore},
  year = {2016},
  note = {R package version 0.6-3},
}

@Manual{rcore,
    title = {R: A Language and Environment for Statistical Computing},
    author = {{R Core Team}},
    organization = {R Foundation for Statistical Computing},
    address = {Vienna, Austria},
    year = {2017},
    url = {https://www.R-project.org/},
  }
  
@Book{aer,
    title = {Applied Econometrics with {R}},
    author = {Christian Kleiber and Achim Zeileis},
    year = {2008},
    publisher = {Springer-Verlag},
    address = {New York},
    note = {{ISBN} 978-0-387-77316-2},
    url = {https://CRAN.R-project.org/package=AER},
  }
  
@Manual{ivpack,
    title = {ivpack: Instrumental Variable Estimation.},
    author = {Yang Jiang and Dylan Small},
    year = {2014},
    note = {R package version 1.2},
    url = {https://CRAN.R-project.org/package=ivpack},
  }